@electronic{arduino,
	URL = {https://www.arduino.cc/},
	AUTHOR = {Interaction Design Institute Ivrea and others},
	TITLE = {Arduino: Open-source electronic prototyping platform},
	ADDRESS = {Ivrea, Italy}
}